@book{exampleRef,
  author    = {John Doe},
  title     = {Some Math Book},
  year      = {2020},
  publisher = {Math Press}
}