@book{riviere2008,
  author    = {B{\'e}atrice Rivi{\`e}re},
  title     = {Discontinuous Galerkin Methods for Solving Elliptic and Parabolic Equations: Theory and Implementation},
  series    = {Frontiers in Applied Mathematics},
  volume    = {35},
  publisher = {SIAM},
  address   = {Philadelphia},
  year      = {2008}
}
@article{grote2006,
  author  = {Marcus Grote, Anna Schneebeli, Dominik Sch√∂tznau},
  title   = {Discontinuous Method for the Wave Equation},
  journal = {SIAM Journal on Numerical Analysis},
  year    = {2006},  
  volume  = {44},
  pages   = {2408--2431},
  doi     = {10.1137/05063194X}
}